%% This BibTeX bibliography file was created using BibDesk.
%% https://bibdesk.sourceforge.io/

%% Created for Îùµ at 2025-02-05 23:12:36 +0100 


%% Saved with string encoding Unicode (UTF-8) 



@article{Xu:2003aa,
	author = {Haojian Xu and Ioannou, P.A.},
	date-added = {2025-02-05 23:12:21 +0100},
	date-modified = {2025-02-05 23:12:21 +0100},
	doi = {10.1109/TAC.2003.811250},
	journal = {IEEE Transactions on Automatic Control},
	keywords = {Robust control;Adaptive control;MIMO;Nonlinear systems;Error correction;Control nonlinearities;Stability;Steady-state;Algorithm design and analysis;Couplings},
	number = {5},
	pages = {728-742},
	title = {Robust adaptive control for a class of MIMO nonlinear systems with guaranteed error bounds},
	volume = {48},
	year = {2003},
	bdsk-url-1 = {https://doi.org/10.1109/TAC.2003.811250}}

@article{Cybenko:1989aa,
	author = {Cybenko, George},
	date-added = {2025-02-04 14:04:57 +0100},
	date-modified = {2025-02-04 14:04:57 +0100},
	issn = {0932-4194},
	journal = {Mathematics of control, signals and systems},
	number = {4},
	pages = {303-314},
	title = {Approximation by superpositions of a sigmoidal function},
	type = {Journal Article},
	volume = {2},
	year = {1989}}

@article{Barron:1993aa,
	author = {Barron, Andrew R},
	date-added = {2025-02-04 14:04:57 +0100},
	date-modified = {2025-02-04 14:04:57 +0100},
	issn = {0018-9448},
	journal = {IEEE Transactions on Information theory},
	number = {3},
	pages = {930-945},
	title = {Universal approximation bounds for superposition of a sigmoidal function},
	type = {Journal Article},
	volume = {39},
	year = {1993}}

@article{Ryu:2024aa,
	author = {Ryu, Myeongseok and Hong, Donghwa and Choi, Kyunghwan},
	date-modified = {2025-02-04 13:38:57 +0100},
	doi = {10.36227/techrxiv.172954216.68720680/v1},
	month = oct,
	publisher = {Institute of Electrical and Electronics Engineers (IEEE)},
	title = {Constrained Optimization-Based Neuro-Adaptive Control {(CoNAC)} for Uncertain Euler-Lagrange Systems Under Weight and Input Constraints},
	url = {http://dx.doi.org/10.36227/techrxiv.172954216.68720680/v1},
	year = {2024},
	bdsk-url-1 = {http://dx.doi.org/10.36227/techrxiv.172954216.68720680/v1}}

@book{Bernstein:2009aa,
	author = {Bernstein, Dennis S},
	date-modified = {2025-02-04 11:11:35 +0100},
	isbn = {1400833345},
	publisher = {Princeton university press},
	title = {Matrix mathematics: theory, facts, and formulas},
	type = {Book},
	year = {2009}}

@book{Desoer:2009aa,
	author = {Desoer, Charles A and Vidyasagar, Mathukumalli},
	date-modified = {2025-02-04 11:11:35 +0100},
	isbn = {0898716705},
	publisher = {SIAM},
	title = {Feedback systems: input-output properties},
	type = {Book},
	year = {2009}}

@book{Esfandiari:2022aa,
	author = {Esfandiari, Kasra and Abdollahi, Farzaneh and Talebi, Heidar A},
	date-modified = {2025-02-04 11:11:35 +0100},
	isbn = {3030731359},
	publisher = {Springer},
	title = {Neural network-based adaptive control of uncertain nonlinear systems},
	type = {Book},
	year = {2022}}

@book{Farrell:2006aa,
	author = {Farrell, Jay A and Polycarpou, Marios M},
	date-modified = {2025-02-04 11:11:35 +0100},
	isbn = {0471781800},
	publisher = {John Wiley \& Sons},
	title = {Adaptive approximation based control: unifying neural, fuzzy and traditional adaptive approximation approaches},
	type = {Book},
	year = {2006}}

@book{Ge:2013aa,
	author = {Ge, Shuzhi Sam and Hang, Chang C and Lee, Tong H and Zhang, Tao},
	date-modified = {2025-02-04 11:11:35 +0100},
	isbn = {1475765770},
	publisher = {Springer Science \& Business Media},
	title = {Stable adaptive neural network control},
	type = {Book},
	volume = {13},
	year = {2013}}

@book{Ioannou:2006aa,
	author = {Ioannou, Petros and Fidan, Bari{\c s}},
	date-modified = {2025-02-04 11:11:35 +0100},
	isbn = {0898716152},
	publisher = {SIAM},
	title = {Adaptive control tutorial},
	type = {Book},
	year = {2006}}

@book{Krstic:1995aa,
	author = {Krstic, Miroslav and Kokotovic, Petar V and Kanellakopoulos, Ioannis},
	date-modified = {2025-02-04 11:11:35 +0100},
	isbn = {0471127329},
	publisher = {John Wiley \& Sons, Inc.},
	title = {Nonlinear and adaptive control design},
	type = {Book},
	year = {1995}}

@book{Liu:2013aa,
	author = {Liu, Jinkun},
	date-modified = {2025-02-04 11:11:35 +0100},
	isbn = {3642348165},
	publisher = {Springer Science \& Business Media},
	title = {Radial Basis Function (RBF) neural network control for mechanical systems: design, analysis and Matlab simulation},
	type = {Book},
	year = {2013}}

@book{Nocedal:1999aa,
	author = {Nocedal, Jorge and Wright, Stephen J},
	date-modified = {2025-02-04 11:11:35 +0100},
	publisher = {Springer},
	title = {Numerical optimization},
	type = {Book},
	year = {1999}}

@book{Tao:2003aa,
	author = {Tao, Gang},
	date-modified = {2025-02-04 11:11:35 +0100},
	isbn = {0471274526},
	publisher = {John Wiley \& Sons},
	title = {Adaptive control design and analysis},
	type = {Book},
	volume = {37},
	year = {2003}}

@inproceedings{Karason:aa,
	author = {Karason, Steingrimur Pall and Annaswamy, Anuradha M},
	booktitle = {1993 american control conference},
	date-modified = {2025-02-04 11:11:35 +0100},
	isbn = {0780308603},
	pages = {1370-1374},
	publisher = {IEEE},
	title = {Adaptive control in the presence of input constraints},
	type = {Conference Proceedings}}

@inproceedings{Markus:aa,
	author = {Markus, Elisha D and Agee, John T and Jimoh, Adisa A},
	booktitle = {2013 Africon},
	date-modified = {2025-02-04 11:11:35 +0100},
	isbn = {1467359432},
	pages = {1-5},
	publisher = {IEEE},
	title = {Trajectory control of a two-link robot manipulator in the presence of gravity and friction},
	type = {Conference Proceedings}}

@inproceedings{Evens:aa,
	author = {Evens, Brecht and Latafat, Puya and Themelis, Andreas and Suykens, Johan and Patrinos, Panagiotis},
	booktitle = {2021 60th IEEE Conference on Decision and Control (CDC)},
	date-modified = {2025-02-04 11:11:35 +0100},
	isbn = {166543659X},
	pages = {5136-5143},
	publisher = {IEEE},
	title = {Neural Network Training as an Optimal Control Problem:---An Augmented Lagrangian Approach---},
	type = {Conference Proceedings}}

@article{Lewkowycz:2020aa,
	author = {Lewkowycz, Aitor and Gur-Ari, Guy},
	date-modified = {2025-02-04 11:11:35 +0100},
	journal = {Advances in Neural Information Processing Systems},
	pages = {4790-4799},
	title = {On the training dynamics of deep networks with $ L_2 $ regularization},
	type = {Journal Article},
	volume = {33},
	year = {2020}}

@article{Kim:2023aa,
	author = {Kim, Sung-Jae and Suh, Jin-Ho},
	date-modified = {2025-02-04 11:11:35 +0100},
	doi = {10.3390/app13084899},
	issn = {2076-3417},
	journal = {Applied Sciences},
	number = {8},
	pages = {4899},
	title = {Adaptive Robust RBF-NN Nonsingular Terminal Sliding Mode Control Scheme for Application to Snake Robot's Head for Image Stabilization},
	type = {Journal Article},
	url = {<Go to ISI>://WOS:000979222000001},
	volume = {13},
	year = {2023},
	bdsk-url-1 = {%3CGo%20to%20ISI%3E://WOS:000979222000001},
	bdsk-url-2 = {https://doi.org/10.3390/app13084899}}

@article{Rolnick:aa,
	author = {Rolnick, D and Tegmark, M},
	date-modified = {2025-02-04 11:11:35 +0100},
	journal = {arXiv preprint arXiv:1705.05502},
	title = {The power of deeper networks for expressing natural functions. arXiv 2017},
	type = {Journal Article}}

@article{Yesildirek:1995aa,
	author = {Ye{\c s}ildirek, A and Lewis, Frank L},
	date-modified = {2025-02-04 11:11:35 +0100},
	issn = {0005-1098},
	journal = {Automatica},
	number = {11},
	pages = {1659-1664},
	title = {Feedback linearization using neural networks},
	type = {Journal Article},
	volume = {31},
	year = {1995}}

@inproceedings{Kidger:aa,
	author = {Kidger, Patrick and Lyons, Terry},
	booktitle = {Conference on learning theory},
	date-modified = {2025-02-04 11:11:35 +0100},
	isbn = {2640-3498},
	pages = {2306-2327},
	publisher = {PMLR},
	title = {Universal approximation with deep narrow networks},
	type = {Conference Proceedings}}

@article{Kim:2023ab,
	author = {Kim, Sung-Jae and Jin, Maolin and Suh, Jin-Ho},
	date-modified = {2025-02-04 11:11:35 +0100},
	doi = {10.1109/access.2023.3249346},
	issn = {2169-3536},
	journal = {IEEE Access},
	pages = {23146-23156},
	title = {A Study on the Design of Error-Based Adaptive Robust RBF Neural Network Back-Stepping Controller for 2-DOF Snake Robot's Head},
	type = {Journal Article},
	url = {<Go to ISI>://WOS:000952555700001},
	volume = {11},
	year = {2023},
	bdsk-url-1 = {%3CGo%20to%20ISI%3E://WOS:000952555700001},
	bdsk-url-2 = {https://doi.org/10.1109/access.2023.3249346}}

@article{Vasquez-Plaza:2023aa,
	author = {Vasquez-Plaza, Jesus D. and Scarpetta, Jose M. Ramirez and Hansen, Timothy M. and Tonkoski, Reinaldo and Rengifo, Fabio Andrade},
	date-modified = {2025-02-04 11:11:35 +0100},
	doi = {10.1109/access.2023.3315245},
	issn = {2169-3536},
	journal = {IEEE Access},
	pages = {101398-101408},
	title = {Smooth Mathematical Representation of the DER$_A$ Aggregated Model},
	type = {Journal Article},
	url = {<Go to ISI>://WOS:001071730900001},
	volume = {11},
	year = {2023},
	bdsk-url-1 = {%3CGo%20to%20ISI%3E://WOS:001071730900001},
	bdsk-url-2 = {https://doi.org/10.1109/access.2023.3315245}}

@article{Griffis:2023aa,
	author = {Griffis, Emily J and Patil, Omkar Sudhir and Bell, Zachary I and Dixon, Warren E},
	date-modified = {2025-02-04 11:11:35 +0100},
	issn = {2475-1456},
	journal = {IEEE Control Systems Letters},
	title = {Lyapunov-based long short-term memory {(Lb-LSTM)} neural network-based control},
	type = {Journal Article},
	year = {2023}}

@article{Hart:2023aa,
	author = {Hart, Rebecca G and Griffis, Emily J and Patil, Omkar Sudhir and Dixon, Warren E},
	date-modified = {2025-02-04 11:11:35 +0100},
	issn = {2475-1456},
	journal = {IEEE Control Systems Letters},
	title = {Lyapunov-Based Physics-Informed Long Short-Term Memory {(LSTM)} Neural Network-Based Adaptive Control},
	type = {Journal Article},
	year = {2023}}

@article{Patil:2021aa,
	author = {Patil, Omkar Sudhir and Le, Duc M and Greene, Max L and Dixon, Warren E},
	date-modified = {2025-02-04 11:11:35 +0100},
	issn = {2475-1456},
	journal = {IEEE Control Systems Letters},
	pages = {1855-1860},
	title = {Lyapunov-derived control and adaptive update laws for inner and outer layer weights of a deep neural network},
	type = {Journal Article},
	volume = {6},
	year = {2021}}

@article{Liu:2024aa,
	author = {Liu, Zhuang and Wu, Chengwei and Shen, Xiaoning and Yao, Weiran and Liu, Jianxing and Wu, Ligang},
	date-modified = {2025-02-04 11:11:35 +0100},
	issn = {1063-6706},
	journal = {IEEE Transactions on Fuzzy Systems},
	title = {Adaptive Interval Type-2 Fuzzy Neural Network-Based Novel Fixed-Time Backstepping Control for Uncertain Euler-Lagrange Systems},
	type = {Journal Article},
	year = {2024}}

@article{Peng:2019aa,
	author = {Peng, Guangzhu and Yang, Chenguang and He, Wei and Chen, CL Philip},
	date-modified = {2025-02-04 11:11:35 +0100},
	issn = {0278-0046},
	journal = {IEEE Transactions on Industrial Electronics},
	number = {4},
	pages = {3138-3148},
	title = {Force sensorless admittance control with neural learning for robots with actuator saturation},
	type = {Journal Article},
	volume = {67},
	year = {2019}}

@article{Gao:2006aa,
	author = {Gao, Wenzhi and Selmic, Rastko R},
	date-modified = {2025-02-04 11:11:35 +0100},
	issn = {1045-9227},
	journal = {IEEE Transactions on Neural Networks},
	number = {1},
	pages = {147-156},
	title = {Neural network control of a class of nonlinear systems with actuator saturation},
	type = {Journal Article},
	volume = {17},
	year = {2006}}

@article{Ge:2002aa,
	author = {Ge, S. S. and Wang, C.},
	date-modified = {2025-02-04 11:11:35 +0100},
	doi = {10.1109/72.977306},
	issn = {1045-9227 (Print) 1045-9227 (Linking)},
	journal = {IEEE Transactions on Neural Networks},
	number = {1},
	pages = {214-21},
	title = {Direct adaptive NN control of a class of nonlinear systems},
	type = {Journal Article},
	url = {https://www.ncbi.nlm.nih.gov/pubmed/18244420},
	volume = {13},
	year = {2002},
	bdsk-url-1 = {https://www.ncbi.nlm.nih.gov/pubmed/18244420},
	bdsk-url-2 = {https://doi.org/10.1109/72.977306}}

@article{Zhang:2000aa,
	author = {Zhang, Y. and Peng, P. Y. and Jiang, Z. P.},
	date-modified = {2025-02-04 11:11:35 +0100},
	doi = {10.1109/72.883443},
	issn = {1045-9227 (Print) 1045-9227 (Linking)},
	journal = {IEEE Transactions on Neural Networks},
	number = {6},
	pages = {1347-60},
	title = {Stable neural controller design for unknown nonlinear systems using backstepping},
	type = {Journal Article},
	url = {https://www.ncbi.nlm.nih.gov/pubmed/18249859},
	volume = {11},
	year = {2000},
	bdsk-url-1 = {https://www.ncbi.nlm.nih.gov/pubmed/18249859},
	bdsk-url-2 = {https://doi.org/10.1109/72.883443}}

@article{Esfandiari:2015aa,
	author = {Esfandiari, K. and Abdollahi, F. and Talebi, H. A.},
	date-modified = {2025-02-04 11:11:35 +0100},
	doi = {10.1109/TNNLS.2014.2378991},
	issn = {2162-2388 (Electronic) 2162-237X (Linking)},
	journal = {IEEE Transactions on Neural Networks and Learning Systems},
	number = {10},
	pages = {2311-22},
	title = {Adaptive control of uncertain nonaffine nonlinear systems with input saturation using neural networks},
	type = {Journal Article},
	url = {https://www.ncbi.nlm.nih.gov/pubmed/25532213},
	volume = {26},
	year = {2015},
	bdsk-url-1 = {https://www.ncbi.nlm.nih.gov/pubmed/25532213},
	bdsk-url-2 = {https://doi.org/10.1109/TNNLS.2014.2378991}}

@article{Arefinia:2017aa,
	author = {Arefinia, Elaheh and Talebi, Heidar Ali and Doustmohammadi, Ali},
	date-modified = {2025-02-04 11:11:35 +0100},
	issn = {2168-2216},
	journal = {IEEE Transactions on Systems, Man, and Cybernetics: Systems},
	number = {2},
	pages = {409-420},
	title = {A robust adaptive model reference impedance control of a robotic manipulator with actuator saturation},
	type = {Journal Article},
	volume = {50},
	year = {2017}}

@article{He:2015aa,
	author = {He, Wei and Dong, Yiting and Sun, Changyin},
	date-modified = {2025-02-04 11:11:35 +0100},
	issn = {2168-2216},
	journal = {IEEE Transactions on Systems, Man, and Cybernetics: Systems},
	number = {3},
	pages = {334-344},
	title = {Adaptive neural impedance control of a robotic manipulator with input saturation},
	type = {Journal Article},
	volume = {46},
	year = {2015}}

@article{Choi:2024aa,
	author = {Choi, Kyunghwan and Kim, Jongseok and Park, Ki-Bum},
	date-modified = {2025-02-04 11:11:35 +0100},
	journal = {IEEE/ASME Transactions on Mechatronics},
	title = {Generalized Model Predictive Torque Control of Synchronous Machines},
	type = {Journal Article},
	year = {2024}}

@article{Zhou:2023aa,
	author = {Zhou, Xingyu and Shen, Heran and Wang, Zejiang and Ahn, Hyunjin and Wang, Junmin},
	date-modified = {2025-02-04 11:11:35 +0100},
	doi = {10.1109/tmech.2023.3236245},
	issn = {1083-4435 1941-014X},
	journal = {IEEE/ASME Transactions on Mechatronics},
	number = {6},
	pages = {3017-3028},
	title = {Driver-Centric Lane-Keeping Assistance System Design: A Noncertainty-Equivalent Neuro-Adaptive Control Approach},
	type = {Journal Article},
	url = {<Go to ISI>://WOS:000932799000001},
	volume = {28},
	year = {2023},
	bdsk-url-1 = {%3CGo%20to%20ISI%3E://WOS:000932799000001},
	bdsk-url-2 = {https://doi.org/10.1109/tmech.2023.3236245}}

@inproceedings{Maas:aa,
	author = {Maas, Andrew L and Hannun, Awni Y and Ng, Andrew Y},
	booktitle = {International conference on machine learning},
	date-modified = {2025-02-04 11:11:35 +0100},
	pages = {3},
	publisher = {Atlanta, GA},
	title = {Rectifier nonlinearities improve neural network acoustic models},
	type = {Conference Proceedings},
	volume = {30}}

@inproceedings{Taylor:aa,
	author = {Taylor, Gavin and Burmeister, Ryan and Xu, Zheng and Singh, Bharat and Patel, Ankit and Goldstein, Tom},
	booktitle = {International conference on machine learning},
	date-modified = {2025-02-04 11:11:35 +0100},
	pages = {2722-2731},
	publisher = {PMLR},
	title = {Training neural networks without gradients: A scalable admm approach},
	type = {Conference Proceedings}}

@article{Esfandiari:2014aa,
	author = {Esfandiari, K and Abdollahi, F and Talebi, HA},
	date-modified = {2025-02-04 11:11:35 +0100},
	issn = {1474-6670},
	journal = {International Federation of Automatic Control Proceedings Volumes (IFAC)},
	number = {3},
	pages = {2533-2538},
	title = {A stable nonlinear in parameter neural network controller for a class of saturated nonlinear systems},
	type = {Journal Article},
	volume = {47},
	year = {2014}}

@article{Sengupta:2014aa,
	author = {Sengupta, B. and Friston, K. J. and Penny, W. D.},
	date-modified = {2025-02-04 11:11:35 +0100},
	doi = {10.1016/j.neuroimage.2014.04.040},
	issn = {1095-9572 (Electronic) 1053-8119 (Print) 1053-8119 (Linking)},
	journal = {Neuroimage},
	pages = {521-7},
	title = {Efficient gradient computation for dynamical models},
	type = {Journal Article},
	url = {https://www.ncbi.nlm.nih.gov/pubmed/24769182},
	volume = {98},
	year = {2014},
	bdsk-url-1 = {https://www.ncbi.nlm.nih.gov/pubmed/24769182},
	bdsk-url-2 = {https://doi.org/10.1016/j.neuroimage.2014.04.040}}

@inproceedings{Wang:aa,
	author = {Wang, Junxiang and Yu, Fuxun and Chen, Xiang and Zhao, Liang},
	booktitle = {Proceedings of the 25th ACM SIGKDD International Conference on Knowledge Discovery \& Data Mining},
	date-modified = {2025-02-04 11:11:35 +0100},
	pages = {111-119},
	title = {Admm for efficient deep learning with global convergence},
	type = {Conference Proceedings}}
